@article{maenner2021prevalence,
  title={Prevalence and characteristics of autism spectrum disorder among children aged 8 yearsâ€”autism and developmental disabilities monitoring network, 11 sites, United States, 2018},
  author={Maenner, Matthew J and Shaw, Kelly A and Bakian, Amanda V and Bilder, Deborah A and Durkin, Maureen S and Esler, Amy and Furnier, Sarah M and Hallas, Libby and Hall-Lande, Jennifer and Hudson, Allison and others},
  journal={MMWR Surveillance Summaries},
  volume={70},
  number={11},
  pages={1},
  year={2021},
  publisher={Centers for Disease Control and Prevention}
}

@article{liang2021convolutional,
  title={A convolutional neural network combined with prototype learning framework for brain functional network classification of autism spectrum disorder},
  author={Liang, Yin and Liu, Baolin and Zhang, Hesheng},
  journal={IEEE Transactions on Neural Systems and Rehabilitation Engineering},
  volume={29},
  pages={2193--2202},
  year={2021},
  publisher={IEEE}
}

@article{woodward2015resting,
  title={Resting-state functional connectivity in psychiatric disorders},
  author={Woodward, Neil D and Cascio, Carissa J},
  journal={JAMA psychiatry},
  volume={72},
  number={8},
  pages={743--744},
  year={2015},
  publisher={American Medical Association}
}

@article{monk2009abnormalities,
  title={Abnormalities of intrinsic functional connectivity in autism spectrum disorders},
  author={Monk, Christopher S and Peltier, Scott J and Wiggins, Jillian Lee and Weng, Shih-Jen and Carrasco, Melisa and Risi, Susan and Lord, Catherine},
  journal={Neuroimage},
  volume={47},
  number={2},
  pages={764--772},
  year={2009},
  publisher={Elsevier}
}

@article{ju2017early,
  title={Early diagnosis of Alzheimer's disease based on resting-state brain networks and deep learning},
  author={Ju, Ronghui and Hu, Chenhui and Li, Quanzheng and others},
  journal={IEEE/ACM transactions on computational biology and bioinformatics},
  volume={16},
  number={1},
  pages={244--257},
  year={2017},
  publisher={IEEE}
}

@article{zeng2012identifying,
  title={Identifying major depression using whole-brain functional connectivity: a multivariate pattern analysis},
  author={Zeng, Ling-Li and Shen, Hui and Liu, Li and Wang, Lubin and Li, Baojuan and Fang, Peng and Zhou, Zongtan and Li, Yaming and Hu, Dewen},
  journal={Brain},
  volume={135},
  number={5},
  pages={1498--1507},
  year={2012},
  publisher={Oxford University Press}
}

@article{assaf2010abnormal,
  title={Abnormal functional connectivity of default mode sub-networks in autism spectrum disorder patients},
  author={Assaf, Michal and Jagannathan, Kanchana and Calhoun, Vince D and Miller, Laura and Stevens, Michael C and Sahl, Robert and O'Boyle, Jacqueline G and Schultz, Robert T and Pearlson, Godfrey D},
  journal={Neuroimage},
  volume={53},
  number={1},
  pages={247--256},
  year={2010},
  publisher={Elsevier}
}

@article{abraham2017deriving,
  title={Deriving reproducible biomarkers from multi-site resting-state data: An Autism-based example},
  author={Abraham, Alexandre and Milham, Michael P and Di Martino, Adriana and Craddock, R Cameron and Samaras, Dimitris and Thirion, Bertrand and Varoquaux, Gael},
  journal={NeuroImage},
  volume={147},
  pages={736--745},
  year={2017},
  publisher={Elsevier}
}

@article{ismail2022hec,
  title={HEC-ASD: a hybrid ensemble-based classification model for predicting autism spectrum disorder disease genes},
  author={Ismail, Eman and Gad, Walaa and Hashem, Mohamed},
  journal={BMC bioinformatics},
  volume={23},
  number={1},
  pages={554},
  year={2022},
  publisher={Springer}
}

@inproceedings{dvornek2017identifying,
  title={Identifying autism from resting-state fMRI using long short-term memory networks},
  author={Dvornek, Nicha C and Ventola, Pamela and Pelphrey, Kevin A and Duncan, James S},
  booktitle={Machine Learning in Medical Imaging: 8th International Workshop, MLMI 2017, Held in Conjunction with MICCAI 2017, Quebec City, QC, Canada, September 10, 2017, Proceedings 8},
  pages={362--370},
  year={2017},
  organization={Springer}
}

@article{xiao2018sae,
  title={SAE-based classification of school-aged children with autism spectrum disorders using functional magnetic resonance imaging},
  author={Xiao, Zhiyong and Wang, Canhua and Jia, Nan and Wu, Jianhua},
  journal={Multimedia Tools and Applications},
  volume={77},
  pages={22809--22820},
  year={2018},
  publisher={Springer}
}

@article{calhoun2014chronnectome,
  title={The chronnectome: time-varying connectivity networks as the next frontier in fMRI data discovery},
  author={Calhoun, Vince D and Miller, Robyn and Pearlson, Godfrey and Adal{\i}, Tulay},
  journal={Neuron},
  volume={84},
  number={2},
  pages={262--274},
  year={2014},
  publisher={Elsevier}
}

@article{savva2019assessment,
  title={Assessment of dynamic functional connectivity in resting-state fMRI using the sliding window technique},
  author={Savva, Antonis D and Mitsis, Georgios D and Matsopoulos, George K},
  journal={Brain and behavior},
  volume={9},
  number={4},
  pages={e01255},
  year={2019},
  publisher={Wiley Online Library}
}

@article{litjens2017survey,
  title={A survey on deep learning in medical image analysis},
  author={Litjens, Geert and Kooi, Thijs and Bejnordi, Babak Ehteshami and Setio, Arnaud Arindra Adiyoso and Ciompi, Francesco and Ghafoorian, Mohsen and Van Der Laak, Jeroen Awm and Van Ginneken, Bram and S{\'a}nchez, Clara I},
  journal={Medical image analysis},
  volume={42},
  pages={60--88},
  year={2017},
  publisher={Elsevier}
}

@article{fredo2018diagnostic,
  title={Diagnostic classification of autism using resting-state fMRI data and conditional random forest},
  author={Fredo, AJ and Jahedi, Afrooz and Reiter, Maya and M{\"u}ller, Ralph-Axel},
  journal={Age},
  volume={12},
  number={2.76},
  pages={6--41},
  year={2018}
}

@article{guo2017diagnosing,
  title={Diagnosing autism spectrum disorder from brain resting-state functional connectivity patterns using a deep neural network with a novel feature selection method},
  author={Guo, Xinyu and Dominick, Kelli C and Minai, Ali A and Li, Hailong and Erickson, Craig A and Lu, Long J},
  journal={Frontiers in neuroscience},
  volume={11},
  pages={460},
  year={2017},
  publisher={Frontiers Media SA}
}

@article{vaswani2017attention,
  title={Attention is all you need},
  author={Vaswani, Ashish and Shazeer, Noam and Parmar, Niki and Uszkoreit, Jakob and Jones, Llion and Gomez, Aidan N and Kaiser, {\L}ukasz and Polosukhin, Illia},
  journal={Advances in neural information processing systems},
  volume={30},
  year={2017}
}

@article{kim2022interpretable,
  title={Interpretable Fusion Analytics Framework for fMRI Connectivity: Self-Attention Mechanism and Latent Space Item-Response Model},
  author={Kim, Jeong-Jae and Jeon, Yeseul and Yu, SuMin and Choi, Junggu and Han, Sanghoon},
  journal={arXiv preprint arXiv:2207.01581},
  year={2022}
}

@article{zhang2022self,
  title={Self-attention based high order sequence feature reconstruction of dynamic functional connectivity networks with rs-fMRI for brain disease classification},
  author={Zhang, Zhixiang and Jie, Biao and Wang, Zhengdong and Zhou, Jie and Yang, Yang},
  journal={arXiv preprint arXiv:2211.11750},
  year={2022}
}

@article{craddock2013neuro,
  title={The neuro bureau preprocessing initiative: open sharing of preprocessed neuroimaging data and derivatives},
  author={Craddock, Cameron and Benhajali, Yassine and Chu, Carlton and Chouinard, Francois and Evans, Alan and Jakab, Andr{\'a}s and Khundrakpam, Budhachandra Singh and Lewis, John David and Li, Qingyang and Milham, Michael and others},
  journal={Frontiers in Neuroinformatics},
  volume={7},
  pages={27},
  year={2013}
}

@inproceedings{dvornek2017identifying,
  title={Identifying autism from resting-state fMRI using long short-term memory networks},
  author={Dvornek, Nicha C and Ventola, Pamela and Pelphrey, Kevin A and Duncan, James S},
  booktitle={Machine Learning in Medical Imaging: 8th International Workshop, MLMI 2017, Held in Conjunction with MICCAI 2017, Quebec City, QC, Canada, September 10, 2017, Proceedings 8},
  pages={362--370},
  year={2017},
  organization={Springer}
}

@article{xu2021identification,
  title={Identification of autism spectrum disorder based on short-term spontaneous hemodynamic fluctuations using deep learning in a multi-layer neural network},
  author={Xu, Lingyu and Sun, Zhiyong and Xie, Jiang and Yu, Jie and Li, Jun and Wang, JinHong},
  journal={Clinical Neurophysiology},
  volume={132},
  number={2},
  pages={457--468},
  year={2021},
  publisher={Elsevier}
}

@inproceedings{deng2022diagnosing,
  title={Diagnosing Autism Spectrum Disorder Using Ensemble 3D-CNN: A Preliminary Study},
  author={Deng, Jingsheng and Hasan, Md Rakibul and Mahmud, Minhaz and Hasan, Md Mahbub and Ahmed, Khandaker Asif and Hossain, Md Zakir},
  booktitle={2022 IEEE International Conference on Image Processing (ICIP)},
  pages={3480--3484},
  year={2022},
  organization={IEEE}
}

@article{wang2021autistic,
  title={Autistic spectrum disorder detection and structural biomarker identification using self-attention model and individual-level morphological covariance brain networks},
  author={Wang, Zhengning and Peng, Dawei and Shang, Yongbin and Gao, Jingjing},
  journal={Frontiers in Neuroscience},
  pages={1268},
  year={2021},
  publisher={Frontiers}
}

@article{xu2020specific,
  title={Specific functional connectivity patterns of middle temporal gyrus subregions in children and adults with autism spectrum disorder},
  author={Xu, Jinping and Wang, Chao and Xu, Ziyun and Li, Tian and Chen, Fangfang and Chen, Kai and Gao, Jingjing and Wang, Jiaojian and Hu, Qingmao},
  journal={Autism Research},
  volume={13},
  number={3},
  pages={410--422},
  year={2020},
  publisher={Wiley Online Library}
}

@article{song2019characterizing,
  title={Characterizing and predicting autism spectrum disorder by performing resting-state functional network community pattern analysis},
  author={Song, Yuqing and Epalle, Thomas Martial and Lu, Hu},
  journal={Frontiers in human neuroscience},
  volume={13},
  pages={203},
  year={2019},
  publisher={Frontiers Media SA}
}

@article{allen2014tracking,
  title={Tracking whole-brain connectivity dynamics in the resting state},
  author={Allen, Elena A and Damaraju, Eswar and Plis, Sergey M and Erhardt, Erik B and Eichele, Tom and Calhoun, Vince D},
  journal={Cerebral cortex},
  volume={24},
  number={3},
  pages={663--676},
  year={2014},
  publisher={Oxford University Press}
}

@article{rolls2015implementation,
  title={Implementation of a new parcellation of the orbitofrontal cortex in the automated anatomical labeling atlas},
  author={Rolls, Edmund T and Joliot, Marc and Tzourio-Mazoyer, Nathalie},
  journal={Neuroimage},
  volume={122},
  pages={1--5},
  year={2015},
  publisher={Elsevier}
}